@online{ibm_sdn,
  author       = {{IBM}},
  title        = {O que é SDN (software defined network)?},
  year         = {2025},
  url          = {https://www.ibm.com/br-pt/think/topics/sdn},
  note         = {Acessado em: 3 set. 2025},
}

@online{redhat_sdn,
  author       = {{Red Hat}},
  title        = {O que é SDN? – Rede Definida por Software},
  year         = {2020},
  url          = {https://www.redhat.com/pt-br/topics/hyperconverged-infrastructure/what-is-software-defined-networking},
  note         = {Acessado em: 3 set. 2025},
}

@online{stefanini_performance2025,
  author       = {{Stefanini}},
  title        = {Performance e Propósito Devem Caminhar Juntos},
  year         = {2025},
  url          = {https://stefanini.com/pt-br/insights/artigos/performance-e-proposito-devem-caminhar-juntos},
  note         = {Acessado em: 11 set. 2025},
}

@misc{ufrj_sdn_2018,
  author       = {UFRJ, Universidade Federal do Rio de Janeiro},
  title        = {SDN - Redes Definidas por Software},
  year         = {2018},
  url          = {https://www.gta.ufrj.br/ensino/eel879/trabalhos_v1_2018_2/sdn/},
  note         = {Acesso em: 17 set. 2025},
  howpublished = {\url{https://www.gta.ufrj.br/ensino/eel879/trabalhos_v1_2018_2/sdn/}},
  institution  = {Universidade Federal do Rio de Janeiro},
}
