@online{ibm_sdn,
  author       = {{IBM}},
  title        = {O que é SDN (software defined network)?},
  year         = {2025},
  url          = {https://www.ibm.com/br-pt/think/topics/sdn},
  note         = {Acessado em: 3 set. 2025},
}

@online{redhat_sdn,
  author       = {{Red Hat}},
  title        = {O que é SDN? – Rede Definida por Software},
  year         = {2020},
  url          = {https://www.redhat.com/pt-br/topics/hyperconverged-infrastructure/what-is-software-defined-networking},
  note         = {Acessado em: 3 set. 2025},
}

@online{stefanini_performance2025,
  author       = {{Stefanini}},
  title        = {Performance e Propósito Devem Caminhar Juntos},
  year         = {2025},
  url          = {https://stefanini.com/pt-br/insights/artigos/performance-e-proposito-devem-caminhar-juntos},
  note         = {Acessado em: 11 set. 2025},
}


