@book{ableson2012android,
  title={Android em a{\c{c}}{\~a}o, 3a ed},
  author={Ableson, F. and King, C. and Sen, R.},
  isbn={9788535248418},
  url={https://books.google.com.br/books?id=zQLJY6KCFo8C},
  year={2012},
  publisher={Elsevier Brasil}
}
